 @article{preparation, 
    title={Teacher Preparation and Student Achievement}, 
    DOI={10.3386/w14314}, 
    author={Boyd, Donald and Grossman, Pamela and Lankford, Hamilton and Loeb, Susanna and Wyckoff, James}, 
    year={2008}
    },
 
 @article{race, 
    title={Teachers, Race, and Student Achievement in a Randomized Experiment}, volume={86}, 
    DOI={10.1162/003465304323023750}, 
    number={1}, 
    journal={Review of Economics and Statistics}, 
    author={Dee, Thomas S.}, 
    year={2004}, 
    pages={195–210}
    },

 @article{emotional, 
    title={WHAT MAKES A STUDENT BRIGHT? HOW EMOTIONAL INTELLIGENCE MEDIATES THE RELATIONSHIP BETWEEN STUDENT’S SELF-EFFICACY AND ACADEMIC ACHIEVEMENT}, volume={7},
    DOI={10.31838/jcr.07.12.191}, 
    number={12}, 
    journal={Journal of critical reviews}, 
    author = {K. Vijayalakshmi, M. Selvarani},
    year={2020}
    },

 @article{capital, 
    title={Capital at Home and at School: Effects on Student Achievement}, volume={79}, 
    DOI={10.1353/sof.2001.0021}, 
    number={3}, 
    journal={Social Forces}, 
    author={Parcel, Toby L. and Dufur, Mikaela J.}, 
    year={2001}, 
    pages={881–911}
    },
    
 @article{cortez_silva_2008, 
    title={USING DATA MINING TO PREDICT SECONDARY SCHOOL STUDENT PERFORMANCE}, journal={Proceedings of 5th FUture BUsiness TEChnology Conference (FUBUTEC 2008) }, 
    author={Cortez, Paulo and Silva, Alice},
    year={2008}, month={Apr}, 
    pages={8–14}
    } 